@Article{MLhistory,
    author = {Fradkov, A.L.},
    title = {Early History of Machine Learning},
    journal = {IFAC PapersOnLine},
    year = {2020},
    volume = {53},
    number = {2},
    pages = {1385–1390}}

@article{Filbay_2022, 
    title={Long-term quality of life, work limitation, physical activity, economic cost and disease burden following ACL and meniscal injury: A systematic review and meta-analysis for the OPTIKNEE consensus}, 
    volume={56},
    number={24}, 
    journal={British Journal of Sports Medicine}, 
    author={Filbay, Stephanie Rose and Skou, Søren T and Bullock, Garrett S and Le, Christina Y and Räisänen, Anu M and Toomey, Clodagh and Ezzat, Allison M and Hayden, Alix and Culvenor, Adam G and Whittaker, Jackie L and et al.}, 
    year={2022}, 
    month={Sep}, 
    pages={1465–1474}} 

@InBook{WhatisML,
    author = {El Naqa, Issam and Murphy, M.J.},
    title = {{What Is Machine Learning}},
    pages = {3-11},
    booktitle = {{Machine Learning In Radiation Oncology}},
    publisher = {Springer International Publishing},
    year = {2015}}

@article{Martin_2022, 
    title={Machine learning algorithm to predict anterior cruciate ligament revision demonstrates external validity}, 
    volume={30},
    number={2}, 
    journal={Knee Surgery, Sports Traumatology, Arthroscopy}, 
    author={Martin, R. Kyle and Wastvedt, Solvejg and Pareek, Ayoosh and Persson, Andreas and Visnes, Håvard and Fenstad, Anne Marie and Moatshe, Gilbert and Wolfson, Julian and Lind, Martin and Engebretsen, Lars}, 
    year={2022}, 
    month={Jan}, 
    pages={368–375}} 

@article{Jauhiainen_2022, 
    title={Predicting ACL injury using machine learning on data from an extensive screening test battery of 880 female elite athletes}, 
    volume={50},  
    number={11}, 
    journal={The American Journal of Sports Medicine}, 
    author={Jauhiainen, Susanne and Kauppi, Jukka-Pekka and Krosshaug, Tron and Bahr, Roald and Bartsch, Julia and Äyrämö, Sami}, 
    year={2022}, 
    month={Aug}, 
    pages={2917–2924}} 

@article{Jauhiainen_2020, 
    title={New Machine Learning Approach for detection of injury risk factors in young team sport athletes}, 
    volume={42}, 
    number={02},   
    journal={International Journal of Sports Medicine}, 
    author={Jauhiainen, Susanne and Kauppi, Jukka-Pekka and Leppänen, Mari and Pasanen, Kati and Parkkari, Jari and Vasankari, Tommi and Kannus, Pekka and Äyrämö, Sami}, 
    year={2020}, 
    month={Sep}, 
    pages={175–182}} 

@article{Kokkotis_2022, 
    title={Leveraging explainable machine learning to identify gait biomechanical parameters associated with Anterior Cruciate Ligament Injury}, 
    volume={12}, 
    number={1}, 
    journal={Scientific Reports}, 
    author={Kokkotis, Christos and Moustakidis, Serafeim and Tsatalas, Themistoklis and Ntakolia, Charis and Chalatsis, Georgios and Konstadakos, Stylianos and Hantes, Michael E. and Giakas, Giannis and Tsaopoulos, Dimitrios}, 
    year={2022}, 
    month={Apr}} 

@article{Taborri_2021, 
    title={A machine-learning approach to measure the anterior cruciate ligament injury risk in female basketball players}, 
    volume={21}, 
    DOI={10.3390/s21093141}, 
    number={9}, 
    journal={Sensors}, 
    author={Taborri, Juri and Molinaro, Luca and Santospagnuolo, Adriano and Vetrano, Mario and Vulpiani, Maria Chiara and Rossi, Stefano}, 
    year={2021}, 
    month={Apr}, 
    pages={3141}} 

%%
%% This is file `./samples/bibliography.bib',
%% generated with the docstrip utility.
%%
%% The original source files were:
%%
%% apa7.dtx  (with options: `bibliography')
%% ----------------------------------------------------------------------
%% 
%% apa7 - A LaTeX class for formatting documents in compliance with the
%% American Psychological Association's Publication Manual, 7th edition
%% 
%% Copyright (C) 2019 by Daniel A. Weiss <daniel.weiss.led at gmail.com>
%% 
%% This work may be distributed and/or modified under the
%% conditions of the LaTeX Project Public License (LPPL), either
%% version 1.3c of this license or (at your option) any later
%% version.  The latest version of this license is in the file:
%% 
%% http://www.latex-project.org/lppl.txt
%% 
%% Users may freely modify these files without permission, as long as the
%% copyright line and this statement are maintained intact.
%% 
%% This work is not endorsed by, affiliated with, or probably even known
%% by, the American Psychological Association.
%% 
%% ----------------------------------------------------------------------
%% 


%% 
%% Copyright (C) 2019 by Daniel A. Weiss <daniel.weiss.led at gmail.com>
%% 
%% This work may be distributed and/or modified under the
%% conditions of the LaTeX Project Public License (LPPL), either
%% version 1.3c of this license or (at your option) any later
%% version.  The latest version of this license is in the file:
%% 
%% http://www.latex-project.org/lppl.txt
%% 
%% Users may freely modify these files without permission, as long as the
%% copyright line and this statement are maintained intact.
%% 
%% This work is not endorsed by, affiliated with, or probably even known
%% by, the American Psychological Association.
%% 
%% This work is "maintained" (as per LPPL maintenance status) by
%% Daniel A. Weiss.
%% 
%% This work consists of the file  apa7.dtx
%% and the derived files           apa7.ins,
%%                                 apa7.cls,
%%                                 apa7.pdf,
%%                                 README,
%%                                 APA7american.txt,
%%                                 APA7british.txt,
%%                                 APA7dutch.txt,
%%                                 APA7english.txt,
%%                                 APA7german.txt,
%%                                 APA7ngerman.txt,
%%                                 APA7greek.txt,
%%                                 APA7czech.txt,
%%                                 APA7turkish.txt,
%%                                 APA7endfloat.cfg,
%%                                 Figure1.pdf,
%%                                 shortsample.tex,
%%                                 longsample.tex, and
%%                                 bibliography.bib.
%% 
%%
%% End of file `./samples/bibliography.bib'.
